<?xml version="1.0" encoding="UTF-8"?>
<collection>
    <record>
        <leader>03282nam  2200721Ki 4500</leader>
        <controlfield tag="008">170906s2016    fr mun| o         e zxx d</controlfield>
        <controlfield tag="001">990027185640106761</controlfield>
        <datafield tag="010" ind1=" " ind2=" ">
            <subfield code="a">  2005022317</subfield>
        </datafield>
        <datafield tag="020" ind1=" " ind2=" ">
            <subfield code="a">9781250185969</subfield>
            <subfield code="q">hardcover</subfield>
        </datafield>
        <datafield tag="020" ind1=" " ind2=" ">
            <subfield code="a">0878426914</subfield>
            <subfield code="q">paperback</subfield>
            <subfield code="q">alkaline paper</subfield>
        </datafield>
        <datafield tag="022" ind1="0" ind2=" ">
            <subfield code="a">0033-0736</subfield>
        </datafield>
        <datafield tag="022" ind1="0" ind2=" ">
            <subfield code="a">0095-9014</subfield>
        </datafield>
        <datafield tag="024" ind1="7" ind2=" ">
            <subfield code="a">10.1596/978-0-8213-7468-9</subfield>
            <subfield code="2">doi</subfield>
        </datafield>
        <datafield tag="024" ind1="7" ind2=" ">
            <subfield code="a">1234567890</subfield>
            <subfield code="q">score</subfield>
            <subfield code="q">sewn</subfield>
        </datafield>
        <datafield tag="035" ind1=" " ind2=" ">
            <subfield code="a">(OCoLC)1312285564</subfield>
        </datafield>
        <datafield tag="035" ind1=" " ind2=" ">
            <subfield code="a">(OCoLC)on1312285564</subfield>
        </datafield>
        <datafield tag="041" ind1="0" ind2=" ">
            <subfield code="d">eng</subfield>
            <subfield code="d">spa</subfield>
            <subfield code="d">fre</subfield>
            <subfield code="d">fin</subfield>
            <subfield code="d">lat</subfield>
        </datafield>
        <datafield tag="041" ind1="1" ind2=" ">
            <subfield code="a">eng</subfield>
            <subfield code="h">ger</subfield>
        </datafield>
        <datafield tag="050" ind1=" " ind2="0">
            <subfield code="a">MA123.4</subfield>
            <subfield code="a">LC Call Number 2</subfield>
        </datafield>
        <datafield tag="050" ind1=" " ind2="0">
            <subfield code="a">LC Call Number 3</subfield>
        </datafield>
        <datafield tag="082" ind1="0" ind2=" ">
            <subfield code="a">123.45</subfield>
            <subfield code="a">Dewey Call Number 2</subfield>
        </datafield>
        <datafield tag="082" ind1="0" ind2=" ">
            <subfield code="a">Dewey Call Number 3</subfield>
        </datafield>
        <datafield tag="100" ind1="1" ind2=" ">
            <subfield code="a">Tran, Phong,</subfield>
            <subfield code="e">composer,</subfield>
            <subfield code="e">performer.</subfield>
        </datafield>
        <datafield tag="110" ind1="2" ind2=" ">
            <subfield code="a">Ceeys (Musical group),</subfield>
            <subfield code="e">composer,</subfield>
            <subfield code="e">performer.</subfield>
        </datafield>
        <datafield tag="111" ind1="2" ind2=" ">
            <subfield code="a">Theory of Cryptography Conference</subfield>
            <subfield code="n">(5th :</subfield>
            <subfield code="d">2008 :</subfield>
            <subfield code="c">New York, N.Y.)</subfield>
        </datafield>
        <datafield tag="130" ind1="0" ind2="0">
            <subfield code="a">Main Entry</subfield>
            <subfield code="d">Date 1</subfield>
            <subfield code="d">Date 2</subfield>
        </datafield>
        <datafield tag="240" ind1="0" ind2="0">
            <subfield code="a">Uniform</subfield>
            <subfield code="d">Date 1</subfield>
            <subfield code="d">Date 2</subfield>
        </datafield>
        <datafield tag="245" ind1="0" ind2="0">
            <subfield code="a">Célébration :</subfield>
            <subfield code="b">10 siècles de musique de noël, /</subfield>
            <subfield code="c">arranged by the Arts Council of Great Britain.</subfield>
        </datafield>
        <datafield tag="246" ind1="0" ind2="0">
            <subfield code="a">Varying Form</subfield>
            <subfield code="b">Of Title 1.</subfield>
        </datafield>
        <datafield tag="246" ind1="0" ind2="0">
            <subfield code="a">Varying Form</subfield>
            <subfield code="b">Of Title 2.</subfield>
        </datafield>
        <datafield tag="250" ind1=" " ind2=" ">
            <subfield code="a">9th ed. /</subfield>
            <subfield code="b">Nick Ray ... [et al.].</subfield>
        </datafield>
        <datafield tag="250" ind1=" " ind2=" ">
            <subfield code="a">Unabridged.</subfield>
        </datafield>
        <datafield tag="260" ind1=" " ind2=" ">
            <subfield code="a">New York :</subfield>
            <subfield code="b">New Press :</subfield>
            <subfield code="b">Distributed by W.W. Norton,</subfield>
            <subfield code="c">2005.</subfield>
        </datafield>
        <datafield tag="260" ind1=" " ind2=" ">
            <subfield code="a">New York :</subfield>
            <subfield code="b">Wiley,</subfield>
            <subfield code="c">c1992.</subfield>
        </datafield>
        <datafield tag="264" ind1=" " ind2="1">
            <subfield code="a">France :</subfield>
            <subfield code="b">Alpha,</subfield>
            <subfield code="c">[2022]</subfield>
        </datafield>
        <datafield tag="264" ind1=" " ind2="4">
            <subfield code="c">℗2022,</subfield>
            <subfield code="c">©2022</subfield>
        </datafield>
        <datafield tag="300" ind1=" " ind2=" ">
            <subfield code="a">484 p. :</subfield>
            <subfield code="b">ill. ;</subfield>
            <subfield code="c">30 cm. +</subfield>
            <subfield code="e">1 CD-ROM (4 3/4 in.).</subfield>
            <subfield code="e">1 DVD-ROM (4 3/4 in.).</subfield>
        </datafield>
        <datafield tag="300" ind1=" " ind2=" ">
            <subfield code="a">1 vocal score (248 p.) ;</subfield>
            <subfield code="c">31 cm.</subfield>
        </datafield>
        <datafield tag="310" ind1=" " ind2=" ">
            <subfield code="a">Six no. a year</subfield>
        </datafield>
        <datafield tag="310" ind1=" " ind2=" ">
            <subfield code="a">Three times a year</subfield>
        </datafield>
        <datafield tag="362" ind1="0" ind2=" ">
            <subfield code="a">-Bd. 148, 4 (dez. 1997).</subfield>
        </datafield>
        <datafield tag="362" ind1="1" ind2=" ">
            <subfield code="a">Began in 1902.</subfield>
        </datafield>
        <datafield tag="500" ind1=" " ind2=" ">
            <subfield code="a">Opera in 5 acts.</subfield>
        </datafield>
        <datafield tag="500" ind1=" " ind2=" ">
            <subfield code="a">Libretto based on: A midsummer night's dream by William Shakespeare.</subfield>
        </datafield>
        <datafield tag="502" ind1=" " ind2=" ">
            <subfield code="a">Thesis (D.SC.)--University of London.</subfield>
        </datafield>
        <datafield tag="502" ind1=" " ind2=" ">
            <subfield code="b">M. Eng.</subfield>
            <subfield code="c">Massachusetts Institute of Technology, Department of Electrical Engineering and Computer Science</subfield>
            <subfield code="d">2004</subfield>
        </datafield>
        <datafield tag="504" ind1=" " ind2=" ">
            <subfield code="a">Includes bibliographical references and index.</subfield>
        </datafield>
        <datafield tag="504" ind1=" " ind2=" ">
            <subfield code="a">Bibliography: p. 186-202.</subfield>
        </datafield>
        <datafield tag="505" ind1="0" ind2=" ">
            <subfield code="a">Die Seejungfrau : sinfonische Dichtung : (Fantasie nach Hans Christian Andersen) (44:29) -- Sinfonietta, op. 23 (22:05).</subfield>
        </datafield>
        <datafield tag="505" ind1="0" ind2="0">
            <subfield code="t">Wesendonck-Lieder WWV 91 /</subfield>
            <subfield code="r">Richard Wagner</subfield>
            <subfield code="g">(20:45) --</subfield>
            <subfield code="t">Rückert-Lieder /</subfield>
            <subfield code="r">Gustav Mahler</subfield>
            <subfield code="g">(19:33).</subfield>
        </datafield>
        <datafield tag="508" ind1=" " ind2=" ">
            <subfield code="a">Producer, Toygun Kirali.</subfield>
        </datafield>
        <datafield tag="508" ind1=" " ind2=" ">
            <subfield code="a">Producer : Monika Feszler.</subfield>
        </datafield>
        <datafield tag="510" ind1="2" ind2=" ">
            <subfield code="a">Predicasts</subfield>
        </datafield>
        <datafield tag="510" ind1="2" ind2=" ">
            <subfield code="a">Predicasts</subfield>
            <subfield code="b">Jan. 13, 1975-</subfield>
            <subfield code="c">13</subfield>
        </datafield>
        <datafield tag="511" ind1="0" ind2=" ">
            <subfield code="a">Lamoureux Concerts Orchestra ; Igor Markevitch, conductor.</subfield>
        </datafield>
        <datafield tag="511" ind1="0" ind2=" ">
            <subfield code="a">Berlin Symphony Orchestra ; Kurt Sanderling, conductor.</subfield>
        </datafield>
        <datafield tag="515" ind1=" " ind2=" ">
            <subfield code="a">Suspended publication 1944-52.</subfield>
        </datafield>
        <datafield tag="515" ind1=" " ind2=" ">
            <subfield code="a">Some numbers combined.</subfield>
        </datafield>
        <datafield tag="520" ind1=" " ind2=" ">
            <subfield code="a">This safety guide provides guidance on meeting the requirements for the establishment of radiation protection programs (RPPs) for the transport of radioactive material, to optimize radiation protection in order to meet the requirements for radiation protection that underlie the Regulations for the Safe Transport of Radioactive Material. It covers general aspects of meeting the requirements for radiation protection, but does not cover criticality safety or other possible hazardous properties of radioactive material. The annexes of this guide include examples of RPPs, relevant excerpts from the Transport Regulations, examples of total dose per transport index handled, a checklist for road transport, specific segregation distances and emergency instructions for vehicle operators.--Publisher's description.</subfield>
        </datafield>
        <datafield tag="520" ind1=" " ind2=" ">
            <subfield code="a">It is only since the bel canto era in the 19th century that the tenor voice really took off as a leading character in operatic roles, often playing the heroic figure against a love-interest soprano and a villain baritone. This collection of some of opera's most iconic arias takes us from the dark emotional crises of Leoncavallo's Pagliacci and Puccini's Tosca, to the seductive Rodolfo in La Bohème and Donizetti's show-stopping hich Cs in La Fille du régiment. Tenor showpieces that are so famous they have taken on a life of their own include 'Nessun dorma', made immortal by The Three Tenors at the 1990 World Cup.</subfield>
        </datafield>
        <datafield tag="522" ind1=" " ind2=" ">
            <subfield code="a">Canada.</subfield>
        </datafield>
        <datafield tag="522" ind1=" " ind2=" ">
            <subfield code="a">Mexico.</subfield>
        </datafield>
        <datafield tag="533" ind1=" " ind2=" ">
            <subfield code="a">Electronic reproduction.</subfield>
            <subfield code="b">New York :</subfield>
            <subfield code="c">Springer,</subfield>
            <subfield code="d">2008.</subfield>
            <subfield code="n">Mode of access: World Wide Web.</subfield>
            <subfield code="n">System requirements: Web browser.</subfield>
            <subfield code="n">Title from title screen (viewed on June 27, 2008).</subfield>
            <subfield code="n">Access may be restricted to users at subscribing institutions.</subfield>
        </datafield>
        <datafield tag="533" ind1=" " ind2=" ">
            <subfield code="a">Microfiche.</subfield>
            <subfield code="b">Washington :</subfield>
            <subfield code="c">U.S. Govt. Print. Off.,</subfield>
            <subfield code="d">1981.</subfield>
            <subfield code="e">1 microfiche ; 11 x 15 cm.</subfield>
        </datafield>
        <datafield tag="534" ind1=" " ind2=" ">
            <subfield code="p">First published in United States</subfield>
            <subfield code="c">New York : Ballantine Books, an imprint of Random House, a division of Penguin Random House, 2021.</subfield>
        </datafield>
        <datafield tag="534" ind1=" " ind2=" ">
            <subfield code="p">Originally published</subfield>
            <subfield code="c">New York : Garland, 1987.</subfield>
            <subfield code="f">Series statement 1</subfield>
            <subfield code="f">Series statement 2</subfield>
        </datafield>
        <datafield tag="546" ind1=" " ind2=" ">
            <subfield code="a">Sung in French or Latin.</subfield>
        </datafield>
        <datafield tag="546" ind1=" " ind2=" ">
            <subfield code="a">Sung in French.</subfield>
        </datafield>
        <datafield tag="588" ind1="0" ind2=" ">
            <subfield code="a">Hard copy version record.</subfield>
        </datafield>
        <datafield tag="588" ind1="0" ind2=" ">
            <subfield code="a">Paper copy version record.</subfield>
        </datafield>
        <datafield tag="590" ind1=" " ind2=" ">
            <subfield code="a">Rare Book copy: Advance copy notice inserted.</subfield>
        </datafield>
        <datafield tag="590" ind1=" " ind2=" ">
            <subfield code="a">Advance copy notice inserted.</subfield>
        </datafield>
        <datafield tag="600" ind1="1" ind2="0">
            <subfield code="a">Renoir, Jean,</subfield>
            <subfield code="d">1894-1979</subfield>
            <subfield code="v">Bibliography.</subfield>
        </datafield>
        <datafield tag="600" ind1="1" ind2="7">
            <subfield code="a">Renoir, Jean,</subfield>
            <subfield code="d">1894-1979.</subfield>
        </datafield>
        <datafield tag="610" ind1="1" ind2="0">
            <subfield code="a">United States.</subfield>
            <subfield code="b">Federal Bureau of Investigation</subfield>
            <subfield code="x">History.</subfield>
        </datafield>
        <datafield tag="610" ind1="1" ind2="7">
            <subfield code="a">United States.</subfield>
            <subfield code="b">Federal Bureau of Investigation.</subfield>
        </datafield>
        <datafield tag="650" ind1=" " ind2="6">
            <subfield code="a">Musique vocale sacrée</subfield>
            <subfield code="z">France</subfield>
            <subfield code="y">500-1400.</subfield>
        </datafield>
        <datafield tag="650" ind1=" " ind2="0">
            <subfield code="a">Sacred songs, Unaccompanied.</subfield>
        </datafield>
        <datafield tag="651" ind1=" " ind2="0">
            <subfield code="a">Great Plains</subfield>
            <subfield code="x">Climate.</subfield>
        </datafield>
        <datafield tag="651" ind1=" " ind2="7">
            <subfield code="a">Great Plains.</subfield>
        </datafield>
        <datafield tag="700" ind1="1" ind2=" ">
            <subfield code="a">Binelli, Daniel,</subfield>
            <subfield code="e">arranger of music,</subfield>
            <subfield code="e">composer,</subfield>
            <subfield code="e">instrumentalist.</subfield>
        </datafield>
        <datafield tag="700" ind1="1" ind2=" ">
            <subfield code="a">Isaac, Eduardo Elias,</subfield>
            <subfield code="e">arranger of music,</subfield>
            <subfield code="e">instrumentalist.</subfield>
        </datafield>
        <datafield tag="700" ind1="1" ind2=" ">
            <subfield code="a">Isaac, Eduardo Elias,</subfield>
        </datafield>
        <datafield tag="710" ind1="2" ind2=" ">
            <subfield code="a">Divinerinnen (Musical group),</subfield>
            <subfield code="e">arranger of music,</subfield>
            <subfield code="e">instrumentalist.</subfield>
        </datafield>
        <datafield tag="710" ind1="2" ind2=" ">
            <subfield code="a">Motörhead (Musical group),</subfield>
            <subfield code="e">arranger of music,</subfield>
            <subfield code="e">instrumentalist.</subfield>
        </datafield>
        <datafield tag="711" ind1="2" ind2=" ">
            <subfield code="a">Bayreuther Festspiele.</subfield>
            <subfield code="e">Orchester,</subfield>
            <subfield code="e">instrumentalist.</subfield>
        </datafield>
        <datafield tag="711" ind1="2" ind2=" ">
            <subfield code="a">Bayreuther Festspiele.</subfield>
            <subfield code="e">Chor,</subfield>
            <subfield code="e">singer.</subfield>
        </datafield>
        <datafield tag="730" ind1="0" ind2="0">
            <subfield code="a">Added Entry 1</subfield>
            <subfield code="n">Part 1</subfield>
            <subfield code="n">Part 2</subfield>
        </datafield>
        <datafield tag="730" ind1="0" ind2="0">
            <subfield code="a">Added Entry 2</subfield>
            <subfield code="n">Part 1</subfield>
            <subfield code="n">Part 2</subfield>
        </datafield>
        <datafield tag="740" ind1="0" ind2="0">
            <subfield code="a">Added Entry 1</subfield>
            <subfield code="n">Part 1</subfield>
            <subfield code="n">Part 2</subfield>
        </datafield>
        <datafield tag="740" ind1="0" ind2="0">
            <subfield code="a">Added Entry 2</subfield>
            <subfield code="n">Part 1</subfield>
            <subfield code="n">Part 2</subfield>
        </datafield>
        <datafield tag="751" ind1=" " ind2=" ">
            <subfield code="a">Germany</subfield>
        </datafield>
        <datafield tag="751" ind1=" " ind2=" ">
            <subfield code="a">Austria</subfield>
        </datafield>
        <datafield tag="752" ind1=" " ind2=" ">
            <subfield code="a">Africa</subfield>
            <subfield code="g">Nile River</subfield>
            <subfield code="g">Sixth Cataract.</subfield>
        </datafield>
        <datafield tag="752" ind1=" " ind2=" ">
            <subfield code="a">Austria</subfield>
            <subfield code="d">Vienna</subfield>
        </datafield>
        <datafield tag="765" ind1="0" ind2=" ">
            <subfield code="t">Java 2 in plain English.</subfield>
        </datafield>
        <datafield tag="765" ind1="0" ind2=" ">
            <subfield code="t">Java 3;</subfield>
            <subfield code="r">1,</subfield>
            <subfield code="r">2</subfield>
        </datafield>
        <datafield tag="770" ind1="1" ind2=" ">
            <subfield code="t">Geological Society of America data repository</subfield>
            <subfield code="w">(DLC)sn 86025915</subfield>
            <subfield code="w">(OCoLC)13535209</subfield>
        </datafield>
        <datafield tag="770" ind1="1" ind2=" ">
            <subfield code="t">Biological Society of America data repository</subfield>
            <subfield code="w">(DLC)sn 86025915</subfield>
            <subfield code="w">(OCoLC)13535209</subfield>
        </datafield>
        <datafield tag="772" ind1="0" ind2="0">
            <subfield code="a">Earthquake engineering and structural dynamics</subfield>
            <subfield code="v">v. 14, no. 5</subfield>
        </datafield>
        <datafield tag="772" ind1="0" ind2="0">
            <subfield code="t">Earthquake engineering and structural dynamics</subfield>
            <subfield code="g">Vol. 13 (1985), p. 297-315</subfield>
            <subfield code="g">Vol. 14 (1986), p. 297-315</subfield>
        </datafield>
        <datafield tag="780" ind1="1" ind2="1">
            <subfield code="t">Entertainment design</subfield>
            <subfield code="x">1520-5150</subfield>
        </datafield>
        <datafield tag="780" ind1="1" ind2="1">
            <subfield code="t">Lighting dimensions</subfield>
            <subfield code="x">0191-541X</subfield>
            <subfield code="w">(DLC) 79649241</subfield>
            <subfield code="w">(OCoLC)3662625</subfield>
        </datafield>
        <datafield tag="785" ind1="0" ind2="0">
            <subfield code="t">Protist</subfield>
            <subfield code="w">(DLC)sn 98050216</subfield>
            <subfield code="w">(OCoLC)39018023</subfield>
            <subfield code="x">1434-4610</subfield>
        </datafield>
        <datafield tag="785" ind1="0" ind2="0">
            <subfield code="t">Protestant</subfield>
            <subfield code="x">1434-4610</subfield>
        </datafield>
        <datafield tag="787" ind1="0" ind2=" ">
            <subfield code="i">Part of:</subfield>
            <subfield code="t">De historien des Ouden en Nieuwen Testaments</subfield>
        </datafield>
        <datafield tag="787" ind1="0" ind2=" ">
            <subfield code="i">Part of:</subfield>
            <subfield code="i">A Small Part of:</subfield>
            <subfield code="t">Nieuwen Testaments</subfield>

        </datafield>
        <datafield tag="830" ind1=" " ind2="0">
            <subfield code="a">Map and chart series (New York State Geological Survey) ;</subfield>
            <subfield code="0">(DLC)n  84704569</subfield>
            <subfield code="0">(DLC)n  84704570</subfield>
            <subfield code="v">no. 53.</subfield>
            <subfield code="x">0097-3793</subfield>
        </datafield>
        <datafield tag="830" ind1=" " ind2="0">
            <subfield code="a">Duo.</subfield>
        </datafield>
        <datafield tag="856" ind1="4" ind2="0">
            <subfield code="u">http://catalog.hathitrust.org/api/volumes/oclc/1606890.html</subfield>
            <subfield code="3">Hathi Trust</subfield>
        </datafield>
        <datafield tag="856" ind1="4" ind2="1">
            <subfield code="u">http://www.rsc.org/Publishing/Journals/cb/PreviousIssue.asp</subfield>
            <subfield code="z">Access available on website of subsequent title: Highlights in chemical biology</subfield>
            <subfield code="y">Display text</subfield>
        </datafield>
        <datafield tag="985" ind1=" " ind2=" ">
            <subfield code="aa">STACK</subfield>
            <subfield code="t">BOOK</subfield>
            <subfield code="bb">PL2687.L8.A28 1994</subfield>
            <subfield code="i">HUM</subfield>
        </datafield>
        <datafield tag="985" ind1=" " ind2=" ">
            <subfield code="aa">OCC</subfield>
            <subfield code="t">BOOK</subfield>
            <subfield code="g">pt.A</subfield>
            <subfield code="bb">QD79.C4.C485 1983</subfield>
            <subfield code="i">LSA</subfield>
        </datafield>
        <datafield tag="986" ind1=" " ind2=" ">
            <subfield code="i">Available from 06/01/2001 volume: 1 issue: 1.</subfield>
            <subfield code="j">HeinOnline U.S. Congressional Documents Library</subfield>
            <subfield code="k">HeinOnline</subfield>
            <subfield code="f">http://BLCMIT.NaxosMusicLibrary.com/catalogue/item.asp?cid=ACC24383</subfield>
        </datafield>
        <datafield tag="986" ind1=" " ind2=" ">
            <subfield code="k">Alexander Street Press Parent Record</subfield>
            <subfield code="j">Music Online: Classical Music Library - United States</subfield>
            <subfield code="j">Music Online: Classical Music Library</subfield>
            <subfield code="f">http://BLCMIT.NaxosMusicLibrary.com/catalogue/item.asp?cid=19029653</subfield>
        </datafield>
    </record>
</collection>